@article{Redman,
 author = {Redman, Thomas C.},
 title = {The Impact of Poor Data Quality on the Typical Enterprise},
 journal = {Commun. ACM},
 issue_date = {Feb. 1998},
 volume = {41},
 number = {2},
 month = feb,
 year = {1998},
 issn = {0001-0782},
 pages = {79--82},
 numpages = {4},
 url = {http://doi.acm.org/10.1145/269012.269025},
 doi = {10.1145/269012.269025},
 acmid = {269025},
 publisher = {ACM},
 address = {New York, NY, USA},
} 
@techreport{TDWI02,
    author = {Eckerson, Wayne},
    citeulike-article-id = {1820543},
    institution = {The Data Warehousing Institute},
    keywords = {bibtex-import},
    posted-at = {2007-10-25 11:25:11},
    priority = {0},
    title = {{Data Quality and the Bottom Line: Achieving Business Success through a Commitment to High Quality Data}},
    year = {2002}
}
@inproceedings{Cong,
 author = {Cong, Gao and Fan, Wenfei and Geerts, Floris and Jia, Xibei and Ma, Shuai},
 title = {Improving Data Quality: Consistency and Accuracy},
 booktitle = {Proceedings of the 33rd International Conference on Very Large Data Bases},
 series = {VLDB '07},
 year = {2007},
 isbn = {978-1-59593-649-3},
 location = {Vienna, Austria},
 pages = {315--326},
 numpages = {12},
 url = {http://dl.acm.org/citation.cfm?id=1325851.1325890},
 acmid = {1325890},
 publisher = {VLDB Endowment},
}
@inproceedings{Fan,
 author = {Fan, Wenfei and Li, Jianzhong and Ma, Shuai and Tang, Nan and Yu, Wenyuan},
 title = {Interaction Between Record Matching and Data Repairing},
 booktitle = {Proceedings of the 2011 ACM SIGMOD International Conference on Management of Data},
 series = {SIGMOD '11},
 year = {2011},
 isbn = {978-1-4503-0661-4},
 location = {Athens, Greece},
 pages = {469--480},
 numpages = {12},
 url = {http://doi.acm.org/10.1145/1989323.1989373},
 doi = {10.1145/1989323.1989373},
 acmid = {1989373},
 publisher = {ACM},
 address = {New York, NY, USA},
 keywords = {conditional functional dependency, data cleaning, matching dependency},
}
@inproceedings{Kolahi,
 author = {Kolahi, Solmaz and Lakshmanan, Laks V. S.},
 title = {On Approximating Optimum Repairs for Functional Dependency Violations},
 booktitle = {Proceedings of the 12th International Conference on Database Theory},
 series = {ICDT '09},
 year = {2009},
 isbn = {978-1-60558-423-2},
 location = {St. Petersburg, Russia},
 pages = {53--62},
 numpages = {10},
 url = {http://doi.acm.org/10.1145/1514894.1514901},
 doi = {10.1145/1514894.1514901},
 acmid = {1514901},
 publisher = {ACM},
 address = {New York, NY, USA},
 keywords = {approximation algorithm, functional dependency violation, inconsistent databases, repair},
}
@INPROCEEDINGS{XuChu, 
author={Xu Chu and Ilyas, I.F. and Papotti, P.}, 
booktitle={Data Engineering (ICDE), 2013 IEEE 29th International Conference on}, 
title={Holistic data cleaning: Putting violations into context}, 
year={2013}, 
month={April}, 
pages={458-469}, 
keywords={constraint handling;data handling;graph theory;pattern matching;CFD;MD;ad-hoc predicate;conditional functional dependencies;conflict hypergraph;data quality rule;data repair;declarative approach;denial constraint;heterogeneous constraint;holistic data cleaning;matching dependencies;numerical value}, 
doi={10.1109/ICDE.2013.6544847}, 
ISSN={1063-6382},
}
@article{XuChuDC,
 author = {Chu, Xu and Ilyas, Ihab F. and Papotti, Paolo},
 title = {Discovering Denial Constraints},
 journal = {Proc. VLDB Endow.},
 issue_date = {August 2013},
 volume = {6},
 number = {13},
 month = aug,
 year = {2013},
 issn = {2150-8097},
 pages = {1498--1509},
 numpages = {12},
 url = {http://dl.acm.org/citation.cfm?id=2536258.2536262},
 acmid = {2536262},
 publisher = {VLDB Endowment},
}
@inproceedings{Bohannon,
 author = {Bohannon, Philip and Fan, Wenfei and Flaster, Michael and Rastogi, Rajeev},
 title = {A Cost-based Model and Effective Heuristic for Repairing Constraints by Value Modification},
 booktitle = {Proceedings of the 2005 ACM SIGMOD International Conference on Management of Data},
 series = {SIGMOD '05},
 year = {2005},
 isbn = {1-59593-060-4},
 location = {Baltimore, Maryland},
 pages = {143--154},
 numpages = {12},
 url = {http://doi.acm.org/10.1145/1066157.1066175},
 doi = {10.1145/1066157.1066175},
 acmid = {1066175},
 publisher = {ACM},
 address = {New York, NY, USA},
}
@inproceedings{Arenas,
 author = {Arenas, Marcelo and Bertossi, Leopoldo and Chomicki, Jan},
 title = {Consistent Query Answers in Inconsistent Databases},
 booktitle = {Proceedings of the Eighteenth ACM SIGMOD-SIGACT-SIGART Symposium on Principles of Database Systems},
 series = {PODS '99},
 year = {1999},
 isbn = {1-58113-062-7},
 location = {Philadelphia, Pennsylvania, USA},
 pages = {68--79},
 numpages = {12},
 url = {http://doi.acm.org/10.1145/303976.303983},
 doi = {10.1145/303976.303983},
 acmid = {303983},
 publisher = {ACM},
 address = {New York, NY, USA},
}
@inproceedings{Chomicki,
 author = {Chomicki, Jan and Marcinkowski, Jerzy and Staworko, Slawomir},
 title = {Computing Consistent Query Answers Using Conflict Hypergraphs},
 booktitle = {Proceedings of the Thirteenth ACM International Conference on Information and Knowledge Management},
 series = {CIKM '04},
 year = {2004},
 isbn = {1-58113-874-1},
 location = {Washington, D.C., USA},
 pages = {417--426},
 numpages = {10},
 url = {http://doi.acm.org/10.1145/1031171.1031254},
 doi = {10.1145/1031171.1031254},
 acmid = {1031254},
 publisher = {ACM},
 address = {New York, NY, USA},
 keywords = {inconsistency, integrity constraints, query processing},
}
@article{Fuxman,
 author = {Fuxman, Ariel and Miller, Ren{\'e}e J.},
 title = {First-order Query Rewriting for Inconsistent Databases},
 journal = {J. Comput. Syst. Sci.},
 issue_date = {June, 2007},
 volume = {73},
 number = {4},
 month = jun,
 year = {2007},
 issn = {0022-0000},
 pages = {610--635},
 numpages = {26},
 url = {http://dx.doi.org/10.1016/j.jcss.2006.10.013},
 doi = {10.1016/j.jcss.2006.10.013},
 acmid = {1233092},
 publisher = {Academic Press, Inc.},
 address = {Orlando, FL, USA},
 keywords = {Consistent query answering, Inconsistent data, Uncertain data},
}
@incollection{Wijsen,
year={2003},
isbn={978-3-540-00323-6},
booktitle={Database Theory â€” ICDT 2003},
volume={2572},
series={Lecture Notes in Computer Science},
editor={Calvanese, Diego and Lenzerini, Maurizio and Motwani, Rajeev},
doi={10.1007/3-540-36285-1_25},
title={Condensed Representation of Database Repairs for Consistent Query Answering},
url={http://dx.doi.org/10.1007/3-540-36285-1_25},
publisher={Springer Berlin Heidelberg},
author={Wijsen, Jef},
pages={378-393},
language={English}
}
@MISC{Beskales_sampling,
    author = {George Beskales and Ihab F. Ilyas and Lukasz Golab},
    title = {Sampling the Repairs of Functional Dependency Violations under Hard Constraints},
    year = {}
}
@inproceedings{Jampani,
 author = {Jampani, Ravi and Xu, Fei and Wu, Mingxi and Perez, Luis Leopoldo and Jermaine, Christopher and Haas, Peter J.},
 title = {MCDB: A Monte Carlo Approach to Managing Uncertain Data},
 booktitle = {Proceedings of the 2008 ACM SIGMOD International Conference on Management of Data},
 series = {SIGMOD '08},
 year = {2008},
 isbn = {978-1-60558-102-6},
 location = {Vancouver, Canada},
 pages = {687--700},
 numpages = {14},
 url = {http://doi.acm.org/10.1145/1376616.1376686},
 doi = {10.1145/1376616.1376686},
 acmid = {1376686},
 publisher = {ACM},
 address = {New York, NY, USA},
 keywords = {mcdb, monte carlo, uncertainty},
}
@incollection{Bertossi,
year={2005},
isbn={978-3-540-30951-2},
booktitle={Database Programming Languages},
volume={3774},
series={Lecture Notes in Computer Science},
editor={Bierman, Gavin and Koch, Christoph},
doi={10.1007/11601524_17},
title={Complexity and Approximation of Fixing Numerical Attributes in Databases Under Integrity Constraints},
url={http://dx.doi.org/10.1007/11601524_17},
publisher={Springer Berlin Heidelberg},
author={Bertossi, Leopoldo and Bravo, Loreto and Franconi, Enrico and Lopatenko, Andrei},
pages={262-278}
}
@article{Greco,
 author = {Greco, Sergio and Molinaro, Cristian},
 title = {Probabilistic Query Answering over Inconsistent Databases},
 journal = {Annals of Mathematics and Artificial Intelligence},
 issue_date = {March     2012},
 volume = {64},
 number = {2-3},
 month = mar,
 year = {2012},
 issn = {1012-2443},
 pages = {185--207},
 numpages = {23},
 url = {http://dx.doi.org/10.1007/s10472-012-9287-9},
 doi = {10.1007/s10472-012-9287-9},
 acmid = {2318154},
 publisher = {Kluwer Academic Publishers},
 address = {Hingham, MA, USA},
 keywords = {68P15, 68T37, Inconsistent databases, Probabilistic query answers, Query answering, Repair},
}
@article{Beskales_journal,
 author = {Beskales, George and Ilyas, Ihab F. and Golab, Lukasz and Galiullin, Artur},
 title = {Sampling from Repairs of Conditional Functional Dependency Violations},
 journal = {The VLDB Journal},
 issue_date = {February  2014},
 volume = {23},
 number = {1},
 month = feb,
 year = {2014},
 issn = {1066-8888},
 pages = {103--128},
 numpages = {26},
 url = {http://dx.doi.org/10.1007/s00778-013-0316-z},
 doi = {10.1007/s00778-013-0316-z},
 acmid = {2581635},
 publisher = {Springer-Verlag New York, Inc.},
 address = {Secaucus, NJ, USA},
 keywords = {Conditional functional dependency, Data cleaning, Integrity constraint violation, Sampling repairs},
}
@article{Chiang,
 author = {Chiang, Fei and Miller, Ren{\'e}e J.},
 title = {Discovering Data Quality Rules},
 journal = {Proc. VLDB Endow.},
 issue_date = {August 2008},
 volume = {1},
 number = {1},
 month = aug,
 year = {2008},
 issn = {2150-8097},
 pages = {1166--1177},
 numpages = {12},
 url = {http://dl.acm.org/citation.cfm?id=1453856.1453980},
 acmid = {1453980},
 publisher = {VLDB Endowment},
}
@incollection{Lopatenko,
year={2006},
isbn={978-3-540-69269-0},
booktitle={Database Theory â€“ ICDT 2007},
volume={4353},
series={Lecture Notes in Computer Science},
editor={Schwentick, Thomas and Suciu, Dan},
doi={10.1007/11965893_13},
title={Complexity of Consistent Query Answering in Databases Under Cardinality-Based and Incremental Repair Semantics},
url={http://dx.doi.org/10.1007/11965893_13},
publisher={Springer Berlin Heidelberg},
author={Lopatenko, Andrei and Bertossi, Leopoldo},
pages={179-193}
}
